<record><leader>00000cas a22000001a 4500</leader><controlfield tag="001">32399889</controlfield><controlfield tag="007">hd afb018baca</controlfield><controlfield tag="007">hd bfb018baaa</controlfield><controlfield tag="008">950501d18861893nyudn nea     0    0eng c</controlfield><datafield ind1=" " ind2=" " tag="010"><subfield code="a">sn 94087515 </subfield></datafield><datafield ind1=" " ind2=" " tag="040"><subfield code="a">NN</subfield><subfield code="b">eng</subfield><subfield code="c">RQM</subfield><subfield code="d">OCLCQ</subfield></datafield><datafield ind1=" " ind2=" " tag="012"><subfield code="i">9504</subfield></datafield><datafield ind1=" " ind2=" " tag="042"><subfield code="a">pcc</subfield></datafield><datafield ind1="0" ind2="0" tag="245"><subfield code="a">Daily commercial bulletin and auction record.</subfield></datafield><datafield ind1="1" ind2="7" tag="246"><subfield code="a">New York daily commercial bulletin</subfield></datafield><datafield ind1=" " ind2=" " tag="260"><subfield code="a">New York [N.Y.] :</subfield><subfield code="b">N.Y. Daily Bulletin Association,</subfield><subfield code="c">1886-1893.</subfield></datafield><datafield ind1=" " ind2=" " tag="300"><subfield code="a">11 volumes :</subfield><subfield code="b">illustrations (chiefly advertisements) ;</subfield><subfield code="c">59 cm</subfield></datafield><datafield ind1=" " ind2=" " tag="310"><subfield code="a">Daily (except Sunday)</subfield></datafield><datafield ind1=" " ind2=" " tag="336"><subfield code="a">text</subfield><subfield code="b">txt</subfield><subfield code="2">rdacontent</subfield></datafield><datafield ind1=" " ind2=" " tag="337"><subfield code="a">microform</subfield><subfield code="b">h</subfield><subfield code="2">rdamedia</subfield></datafield><datafield ind1=" " ind2=" " tag="338"><subfield code="a">microfilm reel</subfield><subfield code="b">hd</subfield><subfield code="2">rdacarrier</subfield></datafield><datafield ind1="0" ind2=" " tag="362"><subfield code="a">Vol. 42, no. 6,365 (Mar. 15, 1886)-v. 52, no. 8,567 (June 10, 1893).</subfield></datafield><datafield ind1=" " ind2=" " tag="580"><subfield code="a">Merged with New York journal of commerce (New York, N.Y. : Daily) to form Journal of commerce and commercial bulletin.</subfield></datafield><datafield ind1=" " ind2=" " tag="533"><subfield code="a">Microfilm.</subfield><subfield code="m">Mar. 15,1886-June 10,1893. On film with related titles.</subfield><subfield code="b">New York :</subfield><subfield code="c">New York Public Library,</subfield><subfield code="d">[19--].</subfield><subfield code="e">48 microfilm reels ; 35 mm.</subfield></datafield><datafield ind1=" " ind2="4" tag="651"><subfield code="a">New York (N.Y.)</subfield><subfield code="v">Newspapers.</subfield></datafield><datafield ind1=" " ind2=" " tag="752"><subfield code="a">United States</subfield><subfield code="b">New York</subfield><subfield code="c">New York</subfield><subfield code="d">New York.</subfield></datafield><datafield ind1="1" ind2=" " tag="776"><subfield code="c">Original</subfield><subfield code="w">(DLC)sn 86071801</subfield></datafield><datafield ind1="0" ind2="0" tag="780"><subfield code="t">New York daily commercial bulletin and auction record</subfield><subfield code="w">(DLC)sn 94087514</subfield></datafield><datafield ind1="1" ind2="7" tag="785"><subfield code="t">New York journal of commerce (New York, N.Y. : Daily)</subfield><subfield code="w">(DLC)sn 90039567</subfield></datafield><datafield ind1="1" ind2="7" tag="785"><subfield code="t">Journal of commerce and commercial bulletin</subfield></datafield><datafield ind1=" " ind2=" " tag="850"><subfield code="a">NN</subfield><subfield code="a">NN (master)</subfield></datafield><datafield ind1="1" ind2=" " tag="029"><subfield code="a">AU@</subfield><subfield code="b">000011681335</subfield></datafield></record>